% Encoding: UTF-8

% Mudando o arquivo (Bruno Rafael dos Santos) ->

@eletronic{asdasda,
  author={John D. Cook},
  title={Quadratic reciprocity algorithm},
  organization = {},
  url ={https://www.johndcook.com/blog/2023/01/01/quadratic-reciprocity-algorithm/},
  urlaccessdate = {06 de jun. de 2024},
  month={jan},
  year={2023}
}

@misc{mathcomp-allalgebra,
  author = {{Mathematical Components Team}},
  title = {all\_algebra.v},
  editor = {{Mathematical Components}},
  organization = {{Mathematical Components}},
  url = {https://github.com/math-comp/math-comp/blob/a0d310fef7b4023793e74af103955e2dd8832faf/mathcomp/ssreflect/all_ssreflect.v},
  howpublished = {Github},
  year = {2024},
  month = {nov.},
  urlacessdate = {07 de nov. de 2024}
}

@misc{mathcomp-allssreflect,
  author = {{Mathematical Components Team}},
  title = {all\_ssreflect.v},
  editor = {{Mathematical Components}},
  organization = {{Mathematical Components}},
  url = {https://github.com/math-comp/math-comp/blob/a0d310fef7b4023793e74af103955e2dd8832faf/mathcomp/ssreflect/all_ssreflect.v},
  howpublished = {Github},
  year = {2024},
  month = {nov.},
  urlacessdate = {07 de nov. de 2024}
}

@misc{mathcomp-contributions,
  author = {{Esse ta erradoMathematical Components Team}},
  title = {Esse ta erradoCONTRIBUTING.md},
  editor = {{Mathematical Components}},
  organization = {{Mathematical Components}},
  url = {https://github.com/math-comp/math-comp/blob/f688fc7e10cb8c17e1ad644f517e0eda34b2c8e7/CONTRIBUTING.md},
  howpublished = {Github},
  year = {2024},
  month = {set.},
  urlacessdate = {07 de nov. de 2024}
}

@misc{coq-bool,
    title    = {Library Coq.Bool.Bool},
    author   = {INRIA},
    year     = {s.d.},
    howpublished = {\url{https://coq.inria.fr/doc/V8.10.2/stdlib/Coq.Bool.Bool.html}},
    language = {English}
}

@misc{mathcomp-seq,
  author = {{Mathematical Components Team}},
  title = {seq.v},
  editor = {{Mathematical Components}},
  organization = {{Mathematical Components}},
  url = {https://github.com/math-comp/math-comp/blob/c56cff59b06d0f29995ce8e886312186bbe73e4a/mathcomp/ssreflect/seq.v},
  howpublished = {Github},
  year = {2024},
  month = {set.},
  urlacessdate = {07 de nov. de 2024}
}

@misc{mathcomp-github,
  author = {{Mathematical Components Team}},
  title = {Mathematical Components},
  editor = {{Mathematical Components Team}},
  organization = {{Mathematical Components Team}},
  url = {https://github.com/math-comp},
  howpublished = {Github},
  year = {2024},
  month = {jan.},
  urlacessdate = {18 de maio de 2024}
}

@misc{mathcomp-webpage,
  author = {{Mathematical Components Team}},
  title = {Mathematical Components},
  editor = {{Mathematical Components Team}},
  organization = {{Mathematical Components Team}},
  url = {https://math-comp.github.io/},
  howpublished = {Github},
  year = {2024},
  month = {jan.},
  urlacessdate = {18 de maio de 2024}
}

@misc{mathcomp-doc-github,
  author = {{Mathematical Components Team}},
  title = {libgraph.html},
  editor = {{Mathematical Components Team}},
  organization = {{Mathematical Components Team}},
  url = {https://math-comp.github.io/htmldoc_2_2_0/libgraph.html},
  howpublished = {Github},
  year = {2024},
  month = {jan.},
  urlacessdate = {18 de maio de 2024}
}

@misc{grafo-ssreflect,
  author = {{Mathematical Components Team}},
  title = {libgraph.html},
  editor = {{Mathematical Components Team}},
  organization = {{Mathematical Components Team}},
  url = {https://math-comp.github.io/htmldoc_2_2_0/libgraph.html},
  howpublished = {Github},
  year = {2024},
  month = {jan.},
  urlacessdate = {18 de maio de 2024}
}

@misc{mathcomp-finset,
  author = {{Mathematical Components Team}},
  title = {finset.v},
  editor = {{Mathematical Components Team}},
  organization = {{Mathematical Components Team}},
  url = {https://github.com/math-comp/math-comp/blob/936a3fd89c621caec7bae631147234f2e4d389f7/mathcomp/ssreflect/finset.v},
  howpublished = {Github},
  year = {2024},
  month = {abril},
  urlacessdate = {07 de nov. de 2024}
}

@misc{mathcomp-fintype,
  author = {{Mathematical Components Team}},
  title = {fintype.v},
  editor = {{Mathematical Components Team}},
  organization = {{Mathematical Components Team}},
  url = {https://github.com/math-comp/math-comp/blob/5ee3a7ca55ec56f7dda33f91fdc06a0643e444e2/mathcomp/ssreflect/fintype.v},
  howpublished = {Github},
  year = {2024},
  month = {jun.},
  urlacessdate = {07 de nov. de 2024}
}

@misc{coq-ssrbool,
    title    = {Library Coq.ssr.ssrbool},
    author   = {INRIA},
    year     = {s.d.},
    howpublished = {\url{https://coq.inria.fr/doc/V8.10.2/stdlib/Coq.ssr.ssrbool.html}},
    language = {English}
}

@misc{coq-ssrfun,
    title    = {Library Coq.ssr.ssrfun},
    author   = {INRIA},
    year     = {s.d.},
    howpublished = {\url{https://coq.inria.fr/doc/v8.9/stdlib/Coq.ssr.ssrfun.html}},
    language = {English}
}

@misc{mathcomp-extra-euler,
  author = {Laurent Th\'ery},
  title = {euler.v},
  editor = {Laurent Th\'ery},
  organization = {Laurent Th\'ery},
  url = {https://github.com/thery/mathcomp-extra/blob/02e0a574eba1361a8c55eb0c6f8d2343bfa8a204/euler.v},
  howpublished = {Github},
  year = {2024},
  month = {out.},
  urlacessdate = {07 de nov. de 2024}
}

@misc{mathcomp-ssralg,
  author = {{Mathematical Components Team}},
  title = {ssralg.v},
  editor = {{Mathematical Components Team}},
  organization = {{Mathematical Components Team}},
  url = {https://github.com/math-comp/math-comp/blob/e9cdaadfad9e625f9e5b4062450ab62459e7e835/mathcomp/algebra/ssralg.v},
  howpublished = {Github},
  year = {2024},
  month = {set.},
  urlacessdate = {05 de nov. de 2024}
}

@misc{mathcomp-bigop,
  author = {{Mathematical Components Team}},
  title = {bigop.v},
  editor = {{Mathematical Components Team}},
  organization = {{Mathematical Components Team}},
  url = {https://github.com/math-comp/math-comp/blob/27149d11ac33b01462ae2ee6dc58dfa6e2c4988e/mathcomp/ssreflect/bigop.v},
  howpublished = {Github},
  year = {2024},
  month = {set.},
  urlacessdate = {07 de nov. de 2024}
}

@misc{mathcomp-binomial,
  author = {{Mathematical Components Team}},
  title = {binomial.v},
  editor = {{Mathematical Components Team}},
  organization = {{Mathematical Components Team}},
  url = {https://github.com/math-comp/math-comp/blob/c99b88612a8ddec85095988ce3612608b578e231/mathcomp/ssreflect/binomial.v},
  howpublished = {Github},
  year = {2024},
  month = {jul.},
  urlacessdate = {07 de nov. de 2024}
}

@misc{mathcomp-zmodp,
  author = {{Mathematical Components Team}},
  title = {zmodp.v},
  editor = {{Mathematical Components}},
  organization = {{Mathematical Components}},
  url = {https://github.com/math-comp/math-comp/blob/5fee02d9eff3a4089f1e023df2e9ed923a54a902/mathcomp/algebra/zmodp.v},
  howpublished = {Github},
  year = {2024},
  month = {nov.},
  urlacessdate = {07 de nov. de 2024}
}

@misc{mathcomp-prime,
  author = {{Mathematical Components Team}},
  title = {prime.v},
  editor = {{Mathematical Components}},
  organization = {{Mathematical Components}},
  url = {https://github.com/math-comp/math-comp/blob/e78f4d2d617ec6e97a8e708adb44c70a8206c335/mathcomp/ssreflect/prime.v},
  howpublished = {Github},
  year = {2024},
  month = {jun.},
  urlacessdate = {07 de nov. de 2024}
}

@misc{mathcomp-div,
  author = {{Mathematical Components Team}},
  title = {div.v},
  editor = {{Mathematical Components}},
  organization = {{Mathematical Components}},
  url = {https://github.com/math-comp/math-comp/blob/4c9ee2fc654eaa2869c987794da715b1b9405f84/mathcomp/ssreflect/div.v},
  howpublished = {Github},
  year = {2024},
  month = {jan.},
  urlacessdate = {07 de nov. de 2024}
}

@misc{mathcomp-intdiv,
  author = {{Mathematical Components Team}},
  title = {intdiv.v},
  editor = {{Mathematical Components}},
  organization = {{Mathematical Components}},
  url = {https://github.com/math-comp/math-comp/blob/b6e6fee7e4338bd6de13806936f5e58b71c06242/mathcomp/algebra/intdiv.v},
  howpublished = {Github},
  year = {2024},
  month = {aug.},
  urlacessdate = {07 de nov. de 2024}
}

@misc{mathcomp-hb-v1,
  author = {{Mathematical Components Team}},
  title = {V1.v},
  editor = {{Mathematical Components}},
  organization = {{Mathematical Components}},
  url = {https://github.com/math-comp/hierarchy-builder/blob/47c19a60daec964abb4b95bfbb95ec81a64f9b47/examples/FSCD2020_material/V1.v},
  howpublished = {Github},
  year = {2024},
  month = {aug.},
  urlacessdate = {07 de nov. de 2024}
}

@misc{mathcomp-contributing,
  author = {{Mathematical Components Team}},
  title = {CONTRIBUTING.md},
  editor = {{Mathematical Components}},
  organization = {{Mathematical Components}},
  url = {https://github.com/math-comp/math-comp/blob/f688fc7e10cb8c17e1ad644f517e0eda34b2c8e7/CONTRIBUTING.md},
  howpublished = {Github},
  year = {2024},
  month = {abril},
  urlacessdate = {07 de nov. de 2024}
}

@misc{mathcomp-ssrnat,
  author = {{Mathematical Components Team}},
  title = {ssrnat.v},
  editor = {{Mathematical Components}},
  organization = {{Mathematical Components}},
  url = {https://github.com/math-comp/math-comp/blob/383429c36702d3280fbeb87c20293ac48f12c560/mathcomp/ssreflect/ssrnat.v},
  howpublished = {Github},
  year = {2024},
  month = {set.},
  urlacessdate = {07 de nov. de 2024}
}

@misc{mathcomp-eqtype,
  author = {{Mathematical Components Team}},
  title = {eqtype.v},
  editor = {{Mathematical Components}},
  organization = {{Mathematical Components}},
  url = {https://github.com/math-comp/math-comp/blob/4281254f5cdc9fe482f11a40011ed44247ddb626/mathcomp/ssreflect/eqtype.v},
  howpublished = {Github},
  year = {2024},
  month = {aug.},
  urlacessdate = {07 de nov. de 2024}
}

@misc{youtuCohen,
  author = {{IJCAR-FSCD 2020}},
  title = {Cyril Cohen: Hierarchy Builder: algebraic hierarchies made easy in Coq with Elpi (FSCD B)},
  editor = {{IJCAR-FSCD 2020}},
  organization = {{IJCAR-FSCD 2020}},
  url = {https://youtu.be/F6iRaTlQrlo?si=hvvWFH4WSAfHsd9X},
  howpublished = {Youtube},
  year = {2020},
  month = {jul.},
  urlacessdate = {07 de nov. de 2024},
  Bdsk-Url-1 = {https://youtu.be/F6iRaTlQrlo?si=hvvWFH4WSAfHsd9X}
}

@inproceedings{cohen:hal-02478907,
  Author = {Cohen, Cyril and Sakaguchi, Kazuhiko and Tassi, Enrico},
  Booktitle = {FSCD 2020 - 5th International Conference on Formal Structures for Computation and Deduction},
  Date-Added = {},
  Date-Modified = {},
  Editor = {},
  Pages = {34:1-34:21},
  Publisher = {},
  Title = {Hierarchy Builder: algebraic hierarchies made easy in Coq with Elpi},
  Url = {https://inria.hal.science/hal-02478907},
  Urlacessdate = {4 nov. 2024},
  Year = {2020},
  Address = {Paris, France},
  Number= {167},
  Month = {jun.},
  DOI = {10.4230/LIPIcs.FSCD.2020.34},
  Keywords = {$\lambda$Prolog ; Elpi ; Metaprogramming ; Packed Classes ; Coq ; Algebraic Hierarchy},
  PDF = {https://inria.hal.science/hal-02478907v6/file/LIPIcs-FSCD-2020-34.pdf},
  HAL_ID = {hal-02478907},
  HAL_VERSION = {v6},
}

@misc{2023multipleinheritancehazardsdependentlytypedalgebraic,
  title={Multiple-inheritance hazards in dependently-typed algebraic hierarchies}, 
  author={Eric Wieser},
  year={2023},
  eprint={2306.00617},
  archivePrefix={arXiv},
  primaryClass={cs.LO},
  url={https://arxiv.org/abs/2306.00617}, 
}

@article{Shor_1997,
   author={Peter W. Shor},
   title={Polynomial-Time Algorithms for Prime Factorization and Discrete Logarithms on a Quantum Computer},
   journal={SIAM Journal on Computing},
   address = {Santa Fé, Novo México, EUA},
   year={1997},
   month=oct, 
   volume={26},
   ISSN={1095-7111},
   url={http://dx.doi.org/10.1137/S0097539795293172},
   DOI={10.1137/s0097539795293172},
   number={5},
   publisher={Society for Industrial & Applied Mathematics (SIAM)},
   pages={1484-1509} 
}

@ARTICLE{Carmine2023,
         author="Boniello Carmine", 
         title="Cauchy's Further Contributions to Mathematics: The Divergent Series and Cauchy's Wrong Theorem",
         journal="International Journal of Advanced Engineering and Management Research",
         address="University of Salerno Fisciano (Itália)",
         year=2023,
         month=may,
         volume=08,
         number=1,
         pages="15-26"
}

% este aqui está com incollection no proprio site mas não há páginas, e portanto não parece se encaixar com incollection:
@incollection{paulinmohring:hal-01094195,
  AUTHOR = {Christine Paulin-Mohring},
  TITLE = {Introduction to the Calculus of Inductive Constructions},
  EDITOR = {Bruno Woltzenlogel Paleo and David Delahaye},
  BOOKTITLE = {All about Proofs, Proofs for All},
  URL = {https://inria.hal.science/hal-01094195},
  PUBLISHER = {College Publications},
  SERIES = {Studies in Logic (Mathematical logic and foundations)},
  VOLUME = {55},
  YEAR = {2015},
  MONTH = Jan,
  KEYWORDS = {Calculus of Inductive Constructions ; Coq proof assistant},
  PDF = {https://inria.hal.science/hal-01094195/file/CIC.pdf},
  HAL_ID = {hal-01094195},
  HAL_VERSION = {v1},
}

@book{casasonolenta,
   title = {A Casa Sonolenta},
   author = {Audrey Wood},
   publisher = {Editora Ática},
   isbn =      {9788508032761},
   year =      {1999},
   series =    {Abracadabra},
   edition =   {Original},
   address = {Estados Unidos da América}
}

@inbook{Wright2016,
    author="Steve Wright",
    title="Four Interesting Applications of Quadratic Reciprocity",
    bookTitle="Quadratic Residues and Non-Residues: Selected Topics",
    year="2016",
    publisher="Springer Cham",
    editor = {Springer International Publishing Switzerland},
    address="Suíça",
    pages="79-118",
    abstract="Gauss called the Law of Quadratic Reciprocity the golden theorem of number theory because, when it is in hand, the study of quadratic residues and non-residues can be pursued to a significantly deeper level. We have already seen some examples of how useful the LQR can be in answering questions about specific residues or non-residues. In this chapter, we will study four applications of the LQR which illustrate how it can be used to shed further light on interesting properties of residues and non-residues.",
    isbn="978-3-319-45955-4",
    doi="10.1007/978-3-319-45955-4_4",
    url="https://doi.org/10.1007/978-3-319-45955-4_4"
}

@eletronic{johndcookQuadraticReciprocity,
  author={John D. Cook},
  title={Quadratic reciprocity algorithm},
  organization = {},
  url ={https://www.johndcook.com/blog/2023/01/01/quadratic-reciprocity-algorithm/},
  urlaccessdate = {06 de jun. de 2024},
  month={jan},
  year={2023}
}

@misc{youtuQuadraticReciprocity,
  author = {Michael Penn},
  title = {Quadratic Reciprocity proof -- Number Theory 23},
  editor = {Michael Penn},
  organization = {Michael Penn},
  url = {https://youtu.be/2UlqaUZiyZ8?si=iMU-yaCjPHWxIdQ8},
  howpublished = {Youtube},
  year = {2021},
  month = {nov.},
  urlacessdate = {07 de jun. de 2024},
}

@book{book:2399854,
   title = {Teoria dos Números: um passeio com primos e outros números familiares pelo mundo inteiro},
   author = {Fabio E. Brochero and Martinez Carlos Gustavo T. de A. Moreira and Nicolau C. Saldanha and Eduardo Tengan},
   publisher = {IMPA},
   isbn =      {978-85-2444-0312-5},
   year =      {2013},
   series =    {Projeto Euclides},
   edition =   {3},
   address = {Rio de Janeiro : IMPA}
}

@BOOK{Geddes1992,
   title={Algorithms for Computer Algebra},
   author={K. O. Geddes, S. R. Czapor, G. Labahn},
   publisher={Springer New York},
   address={Nova York, EUA},
   year=1992
}

@book{Menezes2018,
  title = {Handbook of Applied Cryptography},
  author = {Menezes,  Alfred J. and van Oorschot,  Paul C. and Vanstone,  Scott A.},
  publisher = {CRC Press},
  ISBN = {9780429466335},
  year = {1996},
  series = {Discrete Mathematics and Its Applications},
  edition = {1},
  address = {6000 Broken Sound Parkway, New York, Suite 300},
  url = {http://dx.doi.org/10.1201/9780429466335},
}

@inproceedings{danielShanks,
    author = {Daniel Shanks},
    title = {Five number theoretical algorithms},
    organization = {Manitoba Conference on Numerical Mathematics},
    conference-number = {2},
    address = {Winnipeg},
    booktitle = {Proceedings of the Second Manitoba Conference on Numerical Mathematics},
    year = {1972},
    publisher={Utilitas Mathematica Pub.}
}

@article{Tonelli1891,
    title = {Bemerkung über die Auflösung quadratischer Congruenzen},
    author = {Alberto Tonelli},
    journal = {Nachrichten von der Königl. Gesellschaft der Wissenschaften und der Georg-Augusts-Universität zu Göttingen},
    volume = {30},
    number = {1},
    pages = {344-346},
    year = {1891},
    url = {http://eudml.org/doc/180329},
}

@book{Niven1915,
    title = {An introduction to the theory of numbers},
    author = {Ivan Niven and Herbert S. Zuckerman},
    publisher = {John Wiley \& Sons, Inc},
    year =  {1991},
    address = {Estados Unidos da América},
}
%editor = {John Wiley \& Sons, Inc},
%organization = {John Wiley \& Sons, Inc},    
%organization = {Courier Companies, Inc},

@techreport{gonthier:hal-04034866,
      title = {A computer-checked proof of the Four Color Theorem},
      author = {Gonthier, Georges},
      institution = {Inria},
      year = {2023},
      month = {Março},
      url = {https://inria.hal.science/hal-04034866/file/FINALA%20computer-checked%20proof%20of%20the%20four%20color%20theorem%20-%20HAL.pdf},    
      HAL_ID = {hal-04034866},
      HAL_VERSION = {v1},
    organization = {Inria}
}

@article{bams/1183538218,
    author = {K. Appel and W. Haken},
    title = {{Every planar map is four colorable}},
    volume = {82},
    journal = {Bulletin of the American Mathematical Society},
    number = {5},
    publisher = {American Mathematical Society},
    pages = {711-712},
    year = {1976},
}

@book{assia_mahboubi_2022_7118596,
  author       = {Assia Mahboubi and
                  Enrico Tassi},
  title        = {Mathematical Components},
  publisher    = {Zenodo},
  year         = {2022},
  month        = sep,
  doi          = {10.5281/zenodo.7118596},
  url          = {https://doi.org/10.5281/zenodo.7118596}
}

@manual{coqteam2022manual,
    title    = {The Coq Reference Manual},
    author   = {{The Coq Development Team}},
    address  = {France},
    year     = {2024},
    language = {English},
    version  = {8.20.0}
}

@InProceedings{10.1007/978-3-642-39634-2_5,
    author = "Mahboubi, Assia
    and Tassi, Enrico",
    title = "Canonical Structures for the Working Coq User",
    editor = "Blazy, Sandrine
    and Paulin-Mohring, Christine
    and Pichardie, David",
    booktitle = "Interactive Theorem Proving",
    year = "2013",
    publisher = "Springer Berlin Heidelberg",
    address = "Berlin, Heidelberg",
    pages = "19-34",
    isbn="978-3-642-39634-2"
}

@monography{Huynh1581080,
    author = {Huynh, Evan},
    title = {Rabin's Cryptosystem},
    type = {Bachelor},
    school = {Linnaeus University, Department of Mathematics},
    year = {2021},
    address = {Suécia},
    institution = {Linnaeus University, Department of Mathematics},
    pages = {39},
    keywords = {Rabin's cryptosystem, cryptography, number theory},
}

@article{PalashSarkar2024AdvancesinMathematicsofCommunications,
    author = {Palash Sarkar},
    title = {Computing square roots faster than the Tonelli-Shanks/Bernstein algorithm},
    journal = {Advances in Mathematics of Communications},
    volume = {18},
    number = {1},
    pages = {141-162},
    year = {2024},
    url = {https://www.aimsciences.org/article/id/6212ee892d80b75aa4a24c21},
}

@eletronic{kumar2021algorithm,
    author={Rajeev Kumar},
    title={An algorithm for finding square root modulo p}, 
    organization = {arXiv},
    url = {https://doi.org/10.48550/arXiv.2008.11814},
    urlaccessdate = {15 de maio de 2024},
    year = {2020}
}

@inproceedings{7133812,
  author={Li, Zhe and Dong, Xiaolei and Cao, Zhenfu},
  booktitle={ICINS 2014 - 2014 International Conference on Information and Network Security}, 
  title={Generalized Cipolla-Lehmer root computation in finite fields},
    organization = {ICINS 2014 - 2014 International Conference on Information and Network Security},
  conference-number={CP657},
  year={2014},
    address = {Pequim, China},
  pages={163-168}
}

@inproceedings{%Kumar2020AnAF,
  title={An algorithm for finding square root modulo p},
  author={Rajeev Kumar},
  year={2020},
  url={https://api.semanticscholar.org/CorpusID:221340965}
}

@article{Maheswari,
    author = {A. Uma Maheswari and Prabha Durairaj},
    title = {An Algorithm to Find Square Roots of Quadratic Residues Modulo p (p being an odd prime), p $\equiv$ 1 (mod 4)},
    journal = {Global Journal of Pure and Applied Mathematics},
    year = {2017},
    volume = {13},
    number = {4},
    pages = {1223-1239}
}

@article{Neeman2002,
  author = {Amnon Neeman},
  title = {A counterexample to a 1961 “theorem” in homological algebra},
  volume = {148},
  url = {http://dx.doi.org/10.1007/s002220100197},
    urlaccessdate = {15 de jun. de 2024},
  number = {2},
  journal = {Inventiones Mathematicae},
  year = {2002},
  month = {maio},
  pages = {397-420}
}


% <- Mudando o arquivo (Bruno Rafael dos Santos)
% ----------------------------------------------
