% Encoding: UTF-8

% Mudando o arquivo (Bruno Rafael dos Santos) ->
@article{Shor_1997,
   author={Peter W. Shor},
   title={Polynomial-Time Algorithms for Prime Factorization and Discrete Logarithms on a Quantum Computer},
   journal={SIAM Journal on Computing},
   address = {Santa Fé, Novo México, EUA},
   year={1997},
   month=oct, 
   volume={26},
   ISSN={1095-7111},
   url={http://dx.doi.org/10.1137/S0097539795293172},
   DOI={10.1137/s0097539795293172},
   number={5},
   publisher={Society for Industrial & Applied Mathematics (SIAM)},
   pages={1484-1509} 
}

@ARTICLE{Carmine2023,
         author="Boniello Carmine", 
         title="Cauchy's Further Contributions to Mathematics: The Divergent Series and Cauchy's Wrong Theorem",
         journal="International Journal of Advanced Engineering and Management Research",
         address="University of Salerno Fisciano (Itália)",
         year=2023,
         month=may,
         volume=08,
         number=1,
         pages="15-26"
}

% este aqui está com incollection no proprio site mas não há páginas, e portanto não parece se encaixar com incollection:
@incollection{paulinmohring:hal-01094195,
  AUTHOR = {Christine Paulin-Mohring},
  TITLE = {Introduction to the Calculus of Inductive Constructions},
  EDITOR = {Bruno Woltzenlogel Paleo and David Delahaye},
  BOOKTITLE = {All about Proofs, Proofs for All},
  URL = {https://inria.hal.science/hal-01094195},
  PUBLISHER = {College Publications},
  SERIES = {Studies in Logic (Mathematical logic and foundations)},
  VOLUME = {55},
  YEAR = {2015},
  MONTH = Jan,
  KEYWORDS = {Calculus of Inductive Constructions ; Coq proof assistant},
  PDF = {https://inria.hal.science/hal-01094195/file/CIC.pdf},
  HAL_ID = {hal-01094195},
  HAL_VERSION = {v1},
}

@book{casasonolenta,
   title = {A Casa Sonolenta},
   author = {Audrey Wood},
   publisher = {Editora Ática},
   isbn =      {9788508032761},
   year =      {1999},
   series =    {Abracadabra},
   edition =   {Original},
   address = {Estados Unidos da América}
}

@inbook{Wright2016,
    author="Steve Wright",
    title="Four Interesting Applications of Quadratic Reciprocity",
    bookTitle="Quadratic Residues and Non-Residues: Selected Topics",
    year="2016",
    publisher="Springer Cham",
    editor = {Springer International Publishing Switzerland},
    address="Suíça",
    pages="79-118",
    abstract="Gauss called the Law of Quadratic Reciprocity the golden theorem of number theory because, when it is in hand, the study of quadratic residues and non-residues can be pursued to a significantly deeper level. We have already seen some examples of how useful the LQR can be in answering questions about specific residues or non-residues. In this chapter, we will study four applications of the LQR which illustrate how it can be used to shed further light on interesting properties of residues and non-residues.",
    isbn="978-3-319-45955-4",
    doi="10.1007/978-3-319-45955-4_4",
    url="https://doi.org/10.1007/978-3-319-45955-4_4"
}

@eletronic{johndcookQuadraticReciprocity,
   author={John D. Cook},
   title={Quadratic reciprocity algorithm},
    organization = {},
   url ={https://www.johndcook.com/blog/2023/01/01/quadratic-reciprocity-algorithm/},
    urlaccessdate = {06 de jun. de 2024},
   month=jan,
   year=2023}

@misc{youtuQuadraticReciprocity,
    author = {Michael Penn},
    title = {Quadratic Reciprocity proof -- Number Theory 23},
    editor = {Michael Penn},
    organization = {Michael Penn},
    url =                 {{https://youtu.be/2UlqaUZiyZ8?si=iMU-yaCjPHWxIdQ8}},
    howpublished = {Youtube},
    year = {2021},
    month = {nov.},
    urlacessdate = {07 de jun. de 2024},
}

@book{book:2399854,
   title = {Teoria dos Números: um passeio com primos e outros números familiares pelo mundo inteiro},
   author = {Fabio E. Brochero and Martinez Carlos Gustavo T. de A. Moreira and Nicolau C. Saldanha and Eduardo Tengan},
   publisher = {IMPA},
   isbn =      {978-85-2444-0312-5},
   year =      {2013},
   series =    {Projeto Euclides},
   edition =   {3},
   address = {Rio de Janeiro : IMPA}
}

@BOOK{Geddes1992,
   title={Algorithms for Computer Algebra},
   author={K. O. Geddes, S. R. Czapor, G. Labahn},
   publisher={Springer New York},
   address={Nova York, EUA},
   year=1992
}

@book{Menezes2018,
  title = {Handbook of Applied Cryptography},
  author = {Menezes,  Alfred J. and van Oorschot,  Paul C. and Vanstone,  Scott A.},
  publisher = {CRC Press},
  ISBN = {9780429466335},
  year = {1996},
  series = {Discrete Mathematics and Its Applications},
  edition = {1},
  address = {6000 Broken Sound Parkway, New York, Suite 300},
  url = {http://dx.doi.org/10.1201/9780429466335},
}

@inproceedings{danielShanks,
    author = {Daniel Shanks},
    title = {Five number theoretical algorithms},
    organization = {Manitoba Conference on Numerical Mathematics},
    conference-number = {2},
    address = {Winnipeg},
    booktitle = {Proceedings of the Second Manitoba Conference on Numerical Mathematics},
    year = {1972},
    publisher={Utilitas Mathematica Pub.}
}

@article{Tonelli1891,
    title = {Bemerkung über die Auflösung quadratischer Congruenzen},
    author = {Alberto Tonelli},
    journal = {Nachrichten von der Königl. Gesellschaft der Wissenschaften und der Georg-Augusts-Universität zu Göttingen},
    volume = {30},
    number = {1},
    pages = {344-346},
    year = {1891},
    url = {http://eudml.org/doc/180329},
}

@book{Niven1915,
    title = {An introduction to the theory of numbers},
    author = {Ivan Niven and Herbert S. Zuckerman},
    publisher = {John Wiley \& Sons, Inc},
    year =  {1991},
    address = {Estados Unidos da América},
}
%editor = {John Wiley \& Sons, Inc},
%organization = {John Wiley \& Sons, Inc},    
%organization = {Courier Companies, Inc},

@techreport{gonthier:hal-04034866,
      title = {A computer-checked proof of the Four Color Theorem},
      author = {Gonthier, Georges},
      institution = {Inria},
      year = {2023},
      month = {Março},
      url = {https://inria.hal.science/hal-04034866/file/FINALA%20computer-checked%20proof%20of%20the%20four%20color%20theorem%20-%20HAL.pdf},    
      HAL_ID = {hal-04034866},
      HAL_VERSION = {v1},
    organization = {Inria}
}

@article{bams/1183538218,
    author = {K. Appel and W. Haken},
    title = {{Every planar map is four colorable}},
    volume = {82},
    journal = {Bulletin of the American Mathematical Society},
    number = {5},
    publisher = {American Mathematical Society},
    pages = {711-712},
    year = {1976},
}

@book{assia_mahboubi_2022_7118596,
  author       = {Assia Mahboubi and
                  Enrico Tassi},
  title        = {Mathematical Components},
  publisher    = {Zenodo},
  year         = {2022},
  month        = sep,
  doi          = {10.5281/zenodo.7118596},
  url          = {https://doi.org/10.5281/zenodo.7118596}
}

@manual{coqteam2022manual,
    title    = {The Coq Reference Manual},
    author   = {The Coq Development Team},
    address  = {France},
    year     = {2024},
    language = {English},
    version  = {8.19.0}
}

@InProceedings{10.1007/978-3-642-39634-2_5,
    author = "Mahboubi, Assia
    and Tassi, Enrico",
    title = "Canonical Structures for the Working Coq User",
    editor = "Blazy, Sandrine
    and Paulin-Mohring, Christine
    and Pichardie, David",
    booktitle = "Interactive Theorem Proving",
    year = "2013",
    publisher = "Springer Berlin Heidelberg",
    address = "Berlin, Heidelberg",
    pages = "19-34",
    isbn="978-3-642-39634-2"
}

@monography{Huynh1581080,
    author = {Huynh, Evan},
    title = {Rabin's Cryptosystem},
    type = {Bachelor},
    school = {Linnaeus University, Department of Mathematics},
    year = {2021},
    address = {Suécia},
    institution = {Linnaeus University, Department of Mathematics},
    pages = {39},
    keywords = {Rabin's cryptosystem, cryptography, number theory},
}

@article{PalashSarkar2024AdvancesinMathematicsofCommunications,
    author = {Palash Sarkar},
    title = {Computing square roots faster than the Tonelli-Shanks/Bernstein algorithm},
    journal = {Advances in Mathematics of Communications},
    volume = {18},
    number = {1},
    pages = {141-162},
    year = {2024},
    url = {https://www.aimsciences.org/article/id/6212ee892d80b75aa4a24c21},
}

@eletronic{kumar2021algorithm,
    author={Rajeev Kumar},
    title={An algorithm for finding square root modulo p}, 
    organization = {arXiv},
    url = {https://doi.org/10.48550/arXiv.2008.11814},
    urlaccessdate = {15 de maio de 2024},
    year = {2020}
}

@inproceedings{7133812,
  author={Li, Zhe and Dong, Xiaolei and Cao, Zhenfu},
  booktitle={ICINS 2014 - 2014 International Conference on Information and Network Security}, 
  title={Generalized Cipolla-Lehmer root computation in finite fields},
    organization = {ICINS 2014 - 2014 International Conference on Information and Network Security},
  conference-number={CP657},
  year={2014},
    address = {Pequim, China},
  pages={163-168}
}

@inproceedings{%Kumar2020AnAF,
  title={An algorithm for finding square root modulo p},
  author={Rajeev Kumar},
  year={2020},
  url={https://api.semanticscholar.org/CorpusID:221340965}
}

@article{Maheswari,
    author = {A. Uma Maheswari and Prabha Durairaj},
    title = {An Algorithm to Find Square Roots of Quadratic Residues Modulo p (p being an odd prime), p $\equiv$ 1 (mod 4)},
    journal = {Global Journal of Pure and Applied Mathematics},
    year = {2017},
    volume = {13},
    number = {4},
    pages = {1223-1239}
}

@article{Neeman2002,
  author = {Amnon Neeman},
  title = {A counterexample to a 1961 “theorem” in homological algebra},
  volume = {148},
  url = {http://dx.doi.org/10.1007/s002220100197},
    urlaccessdate = {15 de jun. de 2024},
  number = {2},
  journal = {Inventiones Mathematicae},
  year = {2002},
  month = {maio},
  pages = {397-420}
}


% <- Mudando o arquivo (Bruno Rafael dos Santos)
% ----------------------------------------------
